<record><leader>00000cas a22000007a 4500</leader><controlfield tag="001">26753346</controlfield><controlfield tag="008">921008d18701871cauwr ne      0    0eng d</controlfield><datafield ind1=" " ind2=" " tag="010"><subfield code="a">sn 92068919 </subfield></datafield><datafield ind1=" " ind2=" " tag="040"><subfield code="a">CNK</subfield><subfield code="b">eng</subfield><subfield code="c">CNK</subfield><subfield code="d">OCLCQ</subfield><subfield code="d">OCLCF</subfield><subfield code="d">OCLCO</subfield></datafield><datafield ind1=" " ind2=" " tag="042"><subfield code="a">msc</subfield></datafield><datafield ind1=" " ind2=" " tag="043"><subfield code="a">n-us-ca</subfield></datafield><datafield ind1="0" ind2="4" tag="245"><subfield code="a">The Downieville Democrat.</subfield></datafield><datafield ind1=" " ind2=" " tag="260"><subfield code="a">Downieville, Sierra County, Calif. :</subfield><subfield code="b">Galloway &amp; Garrison</subfield></datafield><datafield ind1=" " ind2=" " tag="300"><subfield code="a">v.</subfield></datafield><datafield ind1=" " ind2=" " tag="310"><subfield code="a">Weekly</subfield></datafield><datafield ind1="0" ind2=" " tag="362"><subfield code="a">Vol. 1, no. 1 (May 10, 1870)-v. 1, no. 52 (May 4, 1871).</subfield></datafield><datafield ind1=" " ind2="0" tag="651"><subfield code="a">Downieville (Calif.)</subfield><subfield code="v">Newspapers.</subfield></datafield><datafield ind1=" " ind2="7" tag="655"><subfield code="a">Newspapers.</subfield><subfield code="2">fast</subfield><subfield code="0">(OCoLC)fst01423814</subfield></datafield><datafield ind1=" " ind2="7" tag="651"><subfield code="a">California</subfield><subfield code="z">Downieville.</subfield><subfield code="2">fast</subfield><subfield code="0">(OCoLC)fst01230606</subfield></datafield><datafield ind1=" " ind2=" " tag="752"><subfield code="a">United States</subfield><subfield code="b">California</subfield><subfield code="c">Sierra</subfield><subfield code="d">Downieville.</subfield></datafield><datafield ind1="0" ind2="0" tag="785"><subfield code="t">Sierra age</subfield><subfield code="w">(DLC)sn 93053177</subfield></datafield></record>